@misc{OverViewBlockchain,
  author    = {Jiajing Wua and Jieli Liu and Yijing Zhaoc and Zibin Zheng},
  title     = {{Analysis of cryptocurrency transactions from a network perspective: An overview}},
  year      = {2021},
  note      = "[\url{https://doi.org/10.1016/j.jnca.2021.103139}]",
  ee        = {https://doi.org/10.1016/j.jnca.2021.103139}
}

@misc{RTF,
  author    = {Fielding Roy Thomas},
  title     = {{Architectural Styles and the Design of Network-based Software Architectures. Doctoral dissertation}},
  year      = {2000},
  note      = "[\url{https://ics.uci.edu/~fielding/pubs/dissertation/fielding_dissertation.pdf}]",
  ee        = {https://ics.uci.edu/~fielding/pubs/dissertation/fielding_dissertation.pdf}
}

@misc{vis-tx-pattern,
  author    = {McGinn and D. Birch and D. Akroyd and D. Molina-Solana and Y. Guo and W.J. Knottenbelt.},
  title     = {{Visualizing dynamic Bitcoin transaction patterns}},
  year      = {2016},
  note      = "[\url{https://doi.org/10.1089/big.2015.0056}]",
  ee        = {https://doi.org/10.1089/big.2015.0056}
}


@misc{vis-tools-overview,
  author    = {Natkamon Tovanich and Nicolas Heulot and Jean-Daniel Fekete and Petra Isenberg},
  title     = {{Visualization of Blockchain Data: A Systematic Review}},
  year      = {2019},
  note      = "[\url{https://doi.org/10.1109/TVCG.2019.2963018}]",
  ee        = {https://doi.org/10.1109/TVCG.2019.2963018}
}


@misc{bitcoin-paper,
  author    = {Satoshi Nakamoto},
  title     = {{Bitcoin: A Peer-to-Peer Electronic Cash System}},
  year      = {2008},
  note      = "[\url{https://bitcoin.org/bitcoin.pdf}]",
  ee        = {https://bitcoin.org/bitcoin.pdf}
}

@misc{blockchain-ibm,
  author    = {IBM},
  title     = {{What is blockchain?}},
  year      = {Accessed: August 2024},
  note      = "[\url{https://www.ibm.com/topics/blockchain}]",
  ee        = {https://www.ibm.com/topics/blockchain}

}

@misc{blockchain-DLT-digGovernment,
  author    = {David Allessie and Maciej Sobolewski and Lorenzino Vaccari},
  title     = {{Blockchain for digital 
government}},
  year      = {Publications Office of the European
    Union,2019},
  note      = "[{https://data.europa.eu/doi/10.2760/942739}]",
  ee        = {https://data.europa.eu/doi/10.2760/942739}

}

@misc{blockchair,
  author    = {Blockchair},
  title     = {{Bitcoin Blockchain Dataset }},
  year      = {Accessed: August 2024},
  note      = "[{https://blockchair.com/bitcoin}]",
  ee        = {https://blockchair.com/bitcoin}

}

@misc{GraphDatabase-Survey,
  author    = {Renzo Angles and Claudio Gutierrez},
  title     = {{Survey of graph database models}},
  year      = {2008},
  note      = "[{https://doi.org/10.1145/1322432.1322433}]",
  ee        = {https://doi.org/10.1145/1322432.1322433}

}

@misc{Graph-modelling-1990,
  author    = {Marc Gyssens and Jan Paredaens and Dirk Van Gucht},
  title     = {{A Graph-Oriented Object Model 
  for Database End-User Interfaces}},
  year      = {1990},
  note      = "[{https://dl.acm.org/doi/pdf/10.1145/93597.93616}]",
  ee        = {https://dl.acm.org/doi/pdf/10.1145/93597.93616}

}

@misc{Graph-comparison-relational,   
author = {Chad Vicknair and Michael Macias and Zhendong Zhao and Xiaofei Nan and Yixin Chen and Dawn Wilkins},
  title     = {{A comparison of a graph database and a relational database: a data provenance perspective}},
  year      = {2010},
  note      = "[{https://doi.org/10.1145/1900008.19000}]",
  ee        = {https://doi.org/10.1145/1900008.19000}

}

@misc{Graph-neo4j-analysis,   
author = {José Guia and Valéria Gonçalves Soares and Jorge Bernardino},
  title     = {{Graph Databases: Neo4j Analysis }},
  year      = {2017},
  note      = "[{https://www.scitepress.org/Papers/2017/63560/63560.pdf}]",
  ee        = {https://www.scitepress.org/Papers/2017/63560/63560.pdf}

}

@misc{neo4j,   
author = {Neo4j},
  title     = {{Cypher overview}},
  year      = {Accessed: August 2024},
  note      = "[{https://neo4j.com/docs/cypher-manual/current/introduction/cypher-overview/}]",
  ee        = {https://neo4j.com/docs/cypher-manual/current/introduction/cypher-overview/}

}

@misc{mdn-express,   
author = {Mozilla Foundation},
  title     = {{Express web framework (Node.js/JavaScript)}},
  year      = {Accessed: August 2024},
  note      = "[{https://developer.mozilla.org/en-US/docs/Learn/Server-side/Express$\_$Nodejs}]",
  ee        = {https://developer.mozilla.org/en-US/docs/Learn/Server-side/Express_Nodejs}

}

@misc{ex-express,   
author = {OpenJS Foundation},
  title     = {{Express web framework (Node.js/JavaScript)}},
  year      = {Accessed: August 2024},
  note      = "[{https://expressjs.com}]",
  ee        = {https://expressjs.com}

}


@misc{Martin1983ManagingTD,
  
  author={James Martin},
  title={Managing the data-base environment},
  year={1983},
  note={[https://api.semanticscholar.org/CorpusID:109367417]},
    ee = {https://api.semanticscholar.org/CorpusID:109367417}
 

}

@misc{mdn-XMLHttpRequest,   
author = {Mozilla Foundation},
  title     = {{XMLHttpRequest}},
  year      = {Accessed: August 2024},
  note      = "[{https://developer.mozilla.org/en-US/docs/Web/API/XMLHttpRequest}]",
  ee        = {https://developer.mozilla.org/en-US/docs/Web/API/XMLHttpRequest}

}

@misc{JsonDocs,   
author = {JSON.org},
  title     = {{JSON.org}},
  year      = {Accessed: August 2024},
  note      = "[{https://www.json.org}]",
  ee        = {https://www.json.org}

}


@misc{Swagger,   
author = {SMARTBEAR SOFTWARE},
  title     = {{Swagger}},
  year      = {Accessed: August 2024},
  note      = "[{https://swagger.io/}]",
  ee        = {https://swagger.io/}

}

@misc{TesiBITVAS,   
author = {Elisa Spigarelli},
  title     = {{Tesi di Laurea “Progetto e sviluppo di un Sistema per l’Analisi Visuale
di Transazioni Bitcoin”}},
  year      = {Anno Accademico 2020/2021},
  note      = "[{Università degli studi di Perugia}]",
  ee        = {https://ing.unipg.it/}

}

@misc{holdingTimes,   
author = {Didier Sornette and Yu Zhang},
  title     = {{Scaling Laws And Statistical Properties of The Transaction Flows And Holding Times of Bitcoin}},
  year      = {2024},
  note      = "[{https://arxiv.org/abs/2401.04702}]",
  ee        = {https://arxiv.org/abs/2401.04702}

},

@misc{PrinciplesOOD,   
author = {Robert C. Martin},
  title     = {{The Principles of OOD}},
  year      = {2000},
  note      = "[{In Agile Software Development, Principles, Patterns, and Practices. Prentice Hall}]"
},

@book{martin2003agile,
  title={Agile Software Development: Principles, Patterns, and Practices},
  author={Martin, R.C.},
  isbn={9780135974445},
  lccn={95022672},
  series={Alan Apt series},
  url={https://books.google.it/books?id=0HYhAQAAIAAJ},
  year={2003},
  publisher={Pearson Education}
},

@book{martin2018SoftwareStructure,
  title={ Clean architecture: A craftsman's guide to software structure and design},
  author={Martin, R.C.},
  isbn={9780134494326},
  url={https://search.worldcat.org/it/title/1003645626},
  year={2018},
  publisher={Prentice Hall}
},

@misc{CORS,   
author = {Mozilla Foundation},
  title     = {{Cross-Origin Resource Sharing (CORS)}},
  year      = {Accessed: August 2024},
  note      = "[{https://developer.mozilla.org/en-US/docs/Web/HTTP/CORS}]",
  ee = {https://developer.mozilla.org/en-US/docs/Web/HTTP/CORS}
}


